@article{my,
author ="Houston",
title ="Teach you how to use article reference",
jounal ="IEEE Trans. on Typeset",
year ="2006"
}
